<record><leader>00000cas a22000007a 4500</leader><controlfield tag="001">11308229</controlfield><controlfield tag="008">841025c19309999inudn ne      0   a0eng d</controlfield><datafield ind1=" " ind2=" " tag="010"><subfield code="a">sn 84027618 </subfield></datafield><datafield ind1=" " ind2=" " tag="040"><subfield code="a">NPU</subfield><subfield code="b">eng</subfield><subfield code="c">NPU</subfield><subfield code="d">NSD</subfield><subfield code="d">NPI</subfield><subfield code="d">NSD</subfield><subfield code="d">OCLCQ</subfield></datafield><datafield ind1=" " ind2=" " tag="012"><subfield code="k">1</subfield><subfield code="m">1</subfield><subfield code="a">nsdp</subfield></datafield><datafield ind1="1" ind2=" " tag="022"><subfield code="a">8756-6443</subfield><subfield code="l">8756-6443</subfield><subfield code="2">1</subfield></datafield><datafield ind1="1" ind2=" " tag="029"><subfield code="a">AU@</subfield><subfield code="b">000045278842</subfield></datafield><datafield ind1=" " ind2=" " tag="032"><subfield code="a">473420</subfield><subfield code="b">USPS</subfield></datafield><datafield ind1=" " ind2=" " tag="037"><subfield code="b">Rushville Republican, 219 N. Perkins St., Rushville, IN 46173</subfield></datafield><datafield ind1=" " ind2=" " tag="042"><subfield code="a">msc</subfield><subfield code="a">nsdp</subfield></datafield><datafield ind1="0" ind2=" " tag="130"><subfield code="a">Rushville Republican (Rushville, Ind. : 1930 : Daily)</subfield></datafield><datafield ind1=" " ind2="0" tag="222"><subfield code="a">Rushville Republican</subfield></datafield><datafield ind1="1" ind2="0" tag="245"><subfield code="a">Rushville Republican.</subfield></datafield><datafield ind1="1" ind2="3" tag="246"><subfield code="a">Rushville evening daily Republican</subfield></datafield><datafield ind1=" " ind2=" " tag="260"><subfield code="a">Rushville, Ind. :</subfield><subfield code="b">Rushville Republican,</subfield><subfield code="c">1930-</subfield></datafield><datafield ind1=" " ind2=" " tag="300"><subfield code="a">v. :</subfield><subfield code="b">ill. ;</subfield><subfield code="c">58 cm.</subfield></datafield><datafield ind1=" " ind2=" " tag="310"><subfield code="a">Daily (except weekends &amp; holidays)</subfield></datafield><datafield ind1="0" ind2=" " tag="362"><subfield code="a">Vol. 26, no. 282 (Feb. 10, 1930)-</subfield></datafield><datafield ind1=" " ind2=" " tag="580"><subfield code="a">Absorbed: Carthage citizen in April 1967.</subfield></datafield><datafield ind1=" " ind2=" " tag="588"><subfield code="a">Latest issue consulted: Vol. 85, no. 187 (Monday, Dec. 11, 1989).</subfield></datafield><datafield ind1=" " ind2=" " tag="752"><subfield code="a">United States</subfield><subfield code="b">Indiana</subfield><subfield code="c">Rush</subfield><subfield code="d">Rushville.</subfield></datafield><datafield ind1="0" ind2="5" tag="780"><subfield code="t">Carthage citizen</subfield><subfield code="w">(DLC)sn 85048200</subfield></datafield><datafield ind1="0" ind2="0" tag="780"><subfield code="t">Daily Republican (Rushville, Ind.)</subfield><subfield code="w">(DLC)sn 85048185</subfield></datafield></record>